<record><leader>00000cas a22000007a 4500</leader><controlfield tag="001">16573040</controlfield><controlfield tag="008">870827d1886194unyuwr ne      0    0eng d</controlfield><datafield ind1=" " ind2=" " tag="010"><subfield code="a">sn 87070153 </subfield></datafield><datafield ind1=" " ind2=" " tag="040"><subfield code="a">NYS</subfield><subfield code="b">eng</subfield><subfield code="c">NYS</subfield><subfield code="d">NYG</subfield><subfield code="d">NYS</subfield><subfield code="d">OCLCQ</subfield><subfield code="d">OCLCF</subfield><subfield code="d">OCLCO</subfield></datafield><datafield ind1=" " ind2=" " tag="042"><subfield code="a">msc</subfield></datafield><datafield ind1=" " ind2=" " tag="043"><subfield code="a">n-us-ny</subfield></datafield><datafield ind1="0" ind2="0" tag="245"><subfield code="a">On the St. Lawrence and Clayton independent.</subfield></datafield><datafield ind1="3" ind2="0" tag="246"><subfield code="a">On the Saint Lawrence and Clayton independent</subfield></datafield><datafield ind1="1" ind2="3" tag="246"><subfield code="a">Clayton standard</subfield></datafield><datafield ind1=" " ind2=" " tag="260"><subfield code="a">Clayton, Jefferson Co., N.Y. :</subfield><subfield code="b">Charles E. Hocknel</subfield></datafield><datafield ind1=" " ind2=" " tag="300"><subfield code="a">v.</subfield></datafield><datafield ind1=" " ind2=" " tag="310"><subfield code="a">Weekly</subfield></datafield><datafield ind1="1" ind2=" " tag="362"><subfield code="a">Began in 1886.</subfield><subfield code="z">Cf. Emerson, E.C. Our county and its people, 1898.</subfield></datafield><datafield ind1=" " ind2=" " tag="500"><subfield code="a">Published by: Ratchford, Slate &amp; Phillips, &lt;Aug. 1887&gt;; and by: Wm. H. Rees, &lt;Nov. 1877&gt;.</subfield></datafield><datafield ind1=" " ind2=" " tag="515"><subfield code="a">Issues for &lt;June 2, 1886&gt; and &lt;Jan. 5, 1887&gt; also called vol. 2, no. 26 of Clayton standard.</subfield></datafield><datafield ind1=" " ind2=" " tag="580"><subfield code="a">Summer daily ed.: Daily on the St. Lawrence, &lt;1891&gt;.</subfield></datafield><datafield ind1=" " ind2=" " tag="588"><subfield code="a">Description based on: Vol. 3, no. 49 (June 2, 1886).</subfield></datafield><datafield ind1=" " ind2=" " tag="588"><subfield code="a">Latest issue consulted: Est. 1844, no. 12 (Oct. 30, 1941).</subfield></datafield><datafield ind1=" " ind2="0" tag="651"><subfield code="a">Clayton (N.Y.)</subfield><subfield code="v">Newspapers.</subfield></datafield><datafield ind1=" " ind2="0" tag="651"><subfield code="a">Jefferson County (N.Y.)</subfield><subfield code="v">Newspapers.</subfield></datafield><datafield ind1=" " ind2="7" tag="655"><subfield code="a">Newspapers.</subfield><subfield code="2">fast</subfield><subfield code="0">(OCoLC)fst01423814</subfield></datafield><datafield ind1=" " ind2="7" tag="651"><subfield code="a">New York (State)</subfield><subfield code="z">Clayton.</subfield><subfield code="2">fast</subfield><subfield code="0">(OCoLC)fst01230413</subfield></datafield><datafield ind1=" " ind2="7" tag="651"><subfield code="a">New York (State)</subfield><subfield code="z">Jefferson County.</subfield><subfield code="2">fast</subfield><subfield code="0">(OCoLC)fst01209430</subfield></datafield><datafield ind1=" " ind2=" " tag="752"><subfield code="a">United States</subfield><subfield code="b">New York</subfield><subfield code="c">Jefferson</subfield><subfield code="d">Clayton.</subfield></datafield><datafield ind1="1" ind2=" " tag="775"><subfield code="t">Daily on the St. Lawrence</subfield><subfield code="w">(DLC)sn 94057774</subfield><subfield code="w">(OCoLC)30445015</subfield></datafield><datafield ind1="0" ind2="4" tag="780"><subfield code="t">On the St. Lawrence (Clayton, N.Y.)</subfield></datafield><datafield ind1="0" ind2="4" tag="780"><subfield code="t">Clayton independent</subfield><subfield code="w">(DLC)sn 83031471</subfield><subfield code="w">(OCoLC)9879974</subfield></datafield><datafield ind1="0" ind2="0" tag="785"><subfield code="t">On the St. Lawrence (Carthage, N.Y.)</subfield><subfield code="w">(DLC)sn 94057711</subfield><subfield code="w">(OCoLC)29960872</subfield></datafield></record>